<?xml version="1.0" encoding="UTF-8"?><collection xmlns="http://www.loc.gov/MARC21/slim"><record><leader>00398nam--2200145-i-4500</leader><controlfield tag="001">000007969</controlfield><controlfield tag="002">20161230</controlfield><controlfield tag="005">20161230201027</controlfield><controlfield tag="008">060222s1000------------r-----000-0-eng-d</controlfield><datafield ind1=" " ind2=" " tag="080"><subfield code="a">539.12.08</subfield></datafield><datafield ind1=" " ind2=" " tag="100"><subfield code="a">Attix, Frank H</subfield></datafield><datafield ind1=" " ind2=" " tag="245"><subfield code="a">Radiation dosimetry. vol. 2 : instrumentation</subfield></datafield><datafield ind1=" " ind2=" " tag="260"><subfield code="a">New York, Academic Press, 1966. Xviii + 462 P</subfield></datafield><datafield ind1=" " ind2=" " tag="490"><subfield code="a">Topics In Radiation Dosimetry</subfield></datafield><datafield ind1=" " ind2=" " tag="852"><subfield code="a">25585</subfield></datafield></record></collection>